@misc{novick_2019,
  title     = {UK-founded Hack The Box raises \$1.3M to build the world's largest hacker community},
  url       = {https://tech.eu/2019/04/01/uk-founded-hack-the-box-raises-1-3m-to-build-the-worlds-largest-hacker-community},
  journal   = {Tech.eu},
  publisher = {Tech.eu},
  author    = {Novick, Natalie},
  year      = {2019},
  month     = {Apr}
}

@misc{raises,
  author = {{Elena Ivanova}},
  title  = {{The Greek cybersecurity training platform Hack the Box raises \$10.6M to replace certification with gamifications}},
  year   = {2021},
  url    = {https://therecursive.com/the-greek-cybersecurity-training-platform-hack-the-box-raises-10-6m-to-replace-certification-with-gamification/}
}

@misc{butcher_2021,
  title   = {Cybersecurity training startup Hack the box raises \$10.6M series A led by Paladin Capital},
  url     = {https://techcrunch.com/2021/04/12/cybersecurity-training-startup-hack-the-box-raises-10-6m-series-a-led-by-paladin-capital/},
  journal = {TechCrunch},
  author  = {Butcher, Mike},
  year    = {2021},
  month   = {Apr}
}

@misc{htb-cert-news,
  author = {{FE News Editor}},
  month  = {9},
  title  = {{Hack The Box launches its first ever pen testing certification}},
  year   = {2022},
  url    = {https://www.fenews.co.uk/skills/hack-the-box-launches-its-first-ever-pen-testing-certification/}
}

@misc{hack,
  title   = {All about hack the box},
  url     = {https://www.hackthebox.com/about-us},
  journal = {Hack The Box}
}

@misc{htb-cert-info,
  title = {{HTB Penetration Testing Certification [CPTS] | Hack The Box}},
  url   = {https://academy.hackthebox.com/preview/certifications/htb-certified-penetration-testing-specialist/}
}

@misc{redef,
  author = {{Kim Crawleyr}},
  title  = {{How Hack The Box is Redefining Cybersecurity Training for Business}},
  year   = {2021},
  url    = {https://www.hackthebox.com/blog/redefining-cybersecurity-training}
}