@misc{vbox-doc,
	title = {{Documentation}},
	year = {2022},
	url = {https://www.virtualbox.org/wiki/Documentation},
}